<record><leader>00000cas a22000007a 4500</leader><controlfield tag="001">30935910</controlfield><controlfield tag="008">940812d19891991ncumr ne      0    0eng d</controlfield><datafield ind1=" " ind2=" " tag="010"><subfield code="a">sn 94058252 </subfield></datafield><datafield ind1=" " ind2=" " tag="040"><subfield code="a">NVJ</subfield><subfield code="b">eng</subfield><subfield code="c">NVJ</subfield><subfield code="d">OCLCQ</subfield></datafield><datafield ind1=" " ind2=" " tag="042"><subfield code="a">msc</subfield></datafield><datafield ind1="0" ind2=" " tag="130"><subfield code="a">Tribune (Tabor City, N.C. : 1989)</subfield></datafield><datafield ind1="1" ind2="4" tag="245"><subfield code="a">The tribune.</subfield></datafield><datafield ind1=" " ind2=" " tag="250"><subfield code="a">Twin cities ed.</subfield></datafield><datafield ind1=" " ind2=" " tag="260"><subfield code="a">Tabor City, N.C. :</subfield><subfield code="b">Tabor City Tribune &amp; Atlantic Pub. &amp; Paper Co.</subfield></datafield><datafield ind1=" " ind2=" " tag="300"><subfield code="a">v.</subfield></datafield><datafield ind1=" " ind2=" " tag="310"><subfield code="a">Monthly</subfield></datafield><datafield ind1="0" ind2=" " tag="362"><subfield code="a">Vol. 1, no. 1 (Aug. 2, 1989)-v. 2, no. 11 (July 31, 1991).</subfield></datafield><datafield ind1=" " ind2=" " tag="580"><subfield code="a">Issued with: Tabor City tribune, Aug. 2, 1989-July 31, 1991.</subfield></datafield><datafield ind1=" " ind2=" " tag="752"><subfield code="a">United States</subfield><subfield code="b">North Carolina</subfield><subfield code="c">Columbus</subfield><subfield code="d">Tabor City.</subfield></datafield><datafield ind1=" " ind2=" " tag="752"><subfield code="a">United States</subfield><subfield code="b">South Carolina</subfield><subfield code="c">Horry</subfield><subfield code="d">Loris.</subfield></datafield><datafield ind1="1" ind2=" " tag="777"><subfield code="t">Tabor City tribune</subfield><subfield code="w">(DLC)sn 91068761</subfield></datafield></record>